[gd_scene load_steps=8 format=2]

[ext_resource path="res://Node.gd" type="Script" id=1]
[ext_resource path="res://rock/Rock.tscn" type="PackedScene" id=2]
[ext_resource path="res://assets/space_background.png" type="Texture" id=3]
[ext_resource path="res://player/Player.tscn" type="PackedScene" id=4]
[ext_resource path="res://hud/HUD.tscn" type="PackedScene" id=5]
[ext_resource path="res://enemy/Enemy.tscn" type="PackedScene" id=6]

[sub_resource type="Curve2D" id=1]

bake_interval = 5.0
_data = {
"points": PoolVector2Array( 0, 0, 0, 0, -0.996216, 0.154243, 0, 0, 0, 0, 1028.13, -0.580849, 0, 0, 0, 0, 1025.19, 602.195, 0, 0, 0, 0, 1.20911, 599.254, 0, 0, 0, 0, -0.996216, -0.580849 )
}

[node name="Main" type="Node" index="0"]

pause_mode = 2
script = ExtResource( 1 )
_sections_unfolded = [ "Pause" ]
Rock = ExtResource( 2 )

[node name="Background" type="Sprite" parent="." index="0"]

position = Vector2( 476.34, 427.088 )
texture = ExtResource( 3 )
_sections_unfolded = [ "Material", "Region", "Visibility" ]

[node name="Player" parent="." index="1" instance=ExtResource( 4 )]

pause_mode = 1
_sections_unfolded = [ "Angular", "Linear", "Pause" ]

[node name="RockPath" type="Path2D" parent="." index="2"]

self_modulate = Color( 0.5, 0.6, 1, 0.7 )
curve = SubResource( 1 )

[node name="RockSpawn" type="PathFollow2D" parent="RockPath" index="0"]

position = Vector2( -0.996216, 0.154243 )
rotation = -0.000714287
offset = 0.0
h_offset = 0.0
v_offset = 0.0
rotate = true
cubic_interp = true
loop = true
lookahead = 4.0

[node name="Rocks" type="Node" parent="." index="3"]

pause_mode = 1
_sections_unfolded = [ "Pause" ]

[node name="HUD" parent="." index="4" instance=ExtResource( 5 )]

pause_mode = 1
_sections_unfolded = [ "Pause" ]

[node name="Enemy" parent="." index="5" instance=ExtResource( 6 )]

engine_power = 150
spin_power = 3200
speed = 150

[connection signal="dead" from="Player" to="." method="game_over"]

[connection signal="lives_changed" from="Player" to="." method="_on_Player_lives_changed"]

[connection signal="shoot" from="Player" to="." method="_on_Player_shoot"]

[connection signal="start_game" from="HUD" to="." method="new_game"]


